@techreport{hinton2000,
title={Training products of experts by minimizing contrastive divergence},
author={Geoffrey E. Hinton},
number={GCNU TR 2000-004},
year={2000},
institution={Gatsby Computational Neuroscience Unit, University College London}
}

@code{Iain,
title = {Training products of experts by minimizing contrastive divergence},
author = {lain Murray},
year = {2012},
month = {June},
institution = {University of Edinburgh}
}

